@inproceedings{Craswell2008Cascade,
  author    = {Craswell, Nick and Zoeter, Onno and Taylor, Michael and Ramsey, Bill},
  title     = {An Experimental Comparison of Click Position-Bias Models},
  booktitle = {WSDM '08}
}

@inproceedings{Oosterhuis2022ULTRLimits,
  author    = {Oosterhuis, Harrie},
  title     = {Reaching the End of Unbiasedness: Uncovering Implicit Limitations of Click-Based Learning to Rank},
  booktitle = {ICTIR '22}
}

@inproceedings{Saito2020PointwiseIPS,
  author    = {Saito, Yuta and Yaginuma, Suguru and Nishino, Yuta and Sakata, Hayato and Nakata, Kazuhide},
  title     = {Unbiased Recommender Learning from Missing-Not-At-Random Implicit Feedback},
  booktitle = {WSDM '20}
}

@inproceedings{Yan2022TwoTowers,
  author    = {Yan, Le and Qin, Zhen and Zhuang, Honglei and Wang, Xuanhui and Bendersky, Michael and Najork, Marc},
  title     = {Revisiting Two-Tower Models for Unbiased Learning to Rank},
  booktitle = {SIGIR '22}
}
